@inproceedings{pearl85,
  author = {Judea Pearl},
  title = {Bayesian Networks: A Model of Self-Activated Memory For Evidential Reasoning},
  year = {1985}
}

@article{Church2012,
  author    = {Noah D. Goodman and
               Vikash K. Mansinghka and
               Daniel M. Roy and
               Keith Bonawitz and
               Joshua B. Tenenbaum},
  title     = {Church: a language for generative models},
  journal   = {CoRR},
  volume    = {abs/1206.3255},
  year      = {2012},
  url       = {http://arxiv.org/abs/1206.3255},
  timestamp = {Wed, 16 Jul 2014 19:04:16 +0200},
  biburl    = {http://dblp.uni-trier.de/rec/bib/journals/corr/abs-1206-3255},
  bibsource = {dblp computer science bibliography, http://dblp.org}
}

@inproceedings{Dagum92,
 author = {Dagum, Paul and Galper, Adam and Horvitz, Eric},
 title = {Dynamic Network Models for Forecasting},
 booktitle = {Proceedings of the Eighth International Conference on Uncertainty in Artificial Intelligence},
 series = {UAI'92},
 year = {1992},
 isbn = {1-55860-258-5},
 location = {Stanford, CA},
 pages = {41--48},
 numpages = {8},
 url = {http://dl.acm.org/citation.cfm?id=2074540.2074546},
 acmid = {2074546},
 publisher = {Morgan Kaufmann Publishers Inc.},
 address = {San Francisco, CA, USA},
} 

@inproceedings{Pearl94,
  author    = {Judea Pearl},
  title     = {A Probabilistic Calculus of Actions},
  booktitle = {{UAI} '94: Proceedings of the Tenth Annual Conference on Uncertainty
               in Artificial Intelligence, Seattle, Washington, USA, July 29-31,
               1994},
  pages     = {454--462},
  year      = {1994},
  crossref  = {DBLP:conf/uai/1994},
  url       = {https://dslpitt.org/uai/displayArticleDetails.jsp?mmnu=1&smnu=2&article_id=536&proceeding_id=10},
  timestamp = {Wed, 06 May 2015 15:02:54 +0200},
  biburl    = {http://dblp.uni-trier.de/rec/bib/conf/uai/Pearl94},
  bibsource = {dblp computer science bibliography, http://dblp.org}
}

@inproceedings{Chickering95,
  author    = {David Maxwell Chickering},
  title     = {Learning Bayesian Networks is NP-Complete},
  booktitle = {Learning from Data - Fifth International Workshop on Artificial Intelligence
               and Statistics, {AISTATS} 1995, Key West, Florida, US, January, 1995.
               Proceedings.},
  pages     = {121--130},
  year      = {1995},
  crossref  = {DBLP:conf/aistats/1995},
  url       = {http://dx.doi.org/10.1007/978-1-4612-2404-4_12},
  doi       = {10.1007/978-1-4612-2404-4_12},
  timestamp = {Fri, 15 May 2015 13:59:52 +0200},
  biburl    = {http://dblp.uni-trier.de/rec/bib/conf/aistats/Chickering95},
  bibsource = {dblp computer science bibliography, http://dblp.org}
}

@article{HeckermanGC95,
  author    = {David Heckerman and
               Dan Geiger and
               David Maxwell Chickering},
  title     = {Learning Bayesian Networks: The Combination of Knowledge and Statistical
               Data},
  journal   = {Machine Learning},
  volume    = {20},
  number    = {3},
  pages     = {197--243},
  year      = {1995},
  url       = {http://dx.doi.org/10.1007/BF00994016},
  doi       = {10.1007/BF00994016},
  timestamp = {Thu, 26 May 2011 15:25:05 +0200},
  biburl    = {http://dblp.uni-trier.de/rec/bib/journals/ml/HeckermanGC95},
  bibsource = {dblp computer science bibliography, http://dblp.org}
}

@inproceedings{FriedmanG96,
  author    = {Nir Friedman and
               Mois{\'{e}}s Goldszmidt},
  title     = {Learning Bayesian Networks with Local Structure},
  booktitle = {{UAI} '96: Proceedings of the Twelfth Annual Conference on Uncertainty
               in Artificial Intelligence, Reed College, Portland, Oregon, USA, August
               1-4, 1996},
  pages     = {252--262},
  year      = {1996},
  url       = {https://dslpitt.org/uai/displayArticleDetails.jsp?mmnu=1&smnu=2&article_id=375&proceeding_id=12},
  timestamp = {Wed, 06 May 2015 15:02:56 +0200},
  biburl    = {http://dblp.uni-trier.de/rec/bib/conf/uai/FriedmanG96},
  bibsource = {dblp computer science bibliography, http://dblp.org}
}

@article{FriedmanGG97,
  author    = {Nir Friedman and
               Dan Geiger and
               Mois{\'{e}}s Goldszmidt},
  title     = {Bayesian Network Classifiers},
  journal   = {Machine Learning},
  volume    = {29},
  number    = {2-3},
  pages     = {131--163},
  year      = {1997},
  url       = {http://dx.doi.org/10.1023/A:1007465528199},
  doi       = {10.1023/A:1007465528199},
  timestamp = {Thu, 26 May 2011 15:25:09 +0200},
  biburl    = {http://dblp.uni-trier.de/rec/bib/journals/ml/FriedmanGG97},
  bibsource = {dblp computer science bibliography, http://dblp.org}
}

@phdthesis{murphy02,
  added-at = {2009-09-10T14:36:22.000+0200},
  author = {Murphy, Kevin},
  biburl = {http://www.bibsonomy.org/bibtex/27fef11e7786fdd23cb4a1145347113f8/gregoryy},
  interhash = {f1eb8d23313c740e97b4f0fbaca0df28},
  intrahash = {7fef11e7786fdd23cb4a1145347113f8},
  keywords = {ai ml, stat,},
  month = Jul,
  owner = {heinrich},
  school = {UC Berkeley, Computer Science Division},
  timestamp = {2009-09-10T14:36:48.000+0200},
  title = {Dynamic Bayesian Networks: Representation, Inference and Learning},
  year = 2002
}

@book{Russell2003,
 author = {Russell, Stuart J. and Norvig, Peter},
 title = {Artificial Intelligence: A Modern Approach},
 year = {2003},
 isbn = {0137903952},
 edition = {2},
 publisher = {Pearson Education},
}

@incollection{Heckerman08,
  author    = {David Heckerman},
  title     = {A Tutorial on Learning with Bayesian Networks},
  booktitle = {Innovations in Bayesian Networks: Theory and Applications},
  pages     = {33--82},
  year      = {2008},
  url       = {http://dx.doi.org/10.1007/978-3-540-85066-3_3},
  doi       = {10.1007/978-3-540-85066-3_3},
  timestamp = {Mon, 24 Nov 2008 18:53:02 +0100},
  biburl    = {http://dblp.uni-trier.de/rec/bib/series/sci/Heckerman08},
  bibsource = {dblp computer science bibliography, http://dblp.org}
}

@article{Mansinghka2014,
  author    = {Vikash K. Mansinghka and
               Daniel Selsam and
               Yura N. Perov},
  title     = {Venture: a higher-order probabilistic programming platform with programmable
               inference},
  journal   = {CoRR},
  volume    = {abs/1404.0099},
  year      = {2014},
  url       = {http://arxiv.org/abs/1404.0099},
  timestamp = {Thu, 01 May 2014 14:56:20 +0200},
  biburl    = {http://dblp.uni-trier.de/rec/bib/journals/corr/MansinghkaSP14},
  bibsource = {dblp computer science bibliography, http://dblp.org}
}

@misc{ wiki:Bayesian_network,
   author = "Wikipedia",
   title = "{Bayesian network} --- {W}ikipedia{,} The Free Encyclopedia",
   year = {2016},
   howpublished = {\url{http://en.wikipedia.org/w/index.php?title=Bayesian%20network&oldid=710686742}},
   note = "[Online; accessed 21-March-2016]"
 }

@article{Mansinghka2015,
  author    = {Vikash K. Mansinghka and
               Richard Tibbetts and
               Jay Baxter and
               Patrick Shafto and
               Baxter Eaves},
  title     = {BayesDB: {A} probabilistic programming system for querying the probable
               implications of data},
  journal   = {CoRR},
  volume    = {abs/1512.05006},
  year      = {2015},
  url       = {http://arxiv.org/abs/1512.05006},
  timestamp = {Tue, 23 Feb 2016 08:12:27 +0100},
  biburl    = {http://dblp.uni-trier.de/rec/bib/journals/corr/MansinghkaTBSE15},
  bibsource = {dblp computer science bibliography, http://dblp.org}
}